<?xml version='1.0' encoding='UTF-8'?><Document xmlns:xsi="http://www.w3.org/2001/XMLSchema-instance" xmlns="urn:iso:std:iso:20022:tech:xsd:pain.008.001.02"><CstmrDrctDbtInitn><GrpHdr><MsgId>201900001</MsgId><CreDtTm>2019-09-28T12:35:40</CreDtTm><NbOfTxs>1</NbOfTxs><CtrlSum>700.00</CtrlSum><InitgPty><Nm>ALEJANDRO PRESENTADOR</Nm><Id><PrvtId><Othr><Id>ES65001454684134P</Id></Othr></PrvtId></Id></InitgPty></GrpHdr><PmtInf><PmtInfId>00001-001</PmtInfId><PmtMtd>DD</PmtMtd><NbOfTxs>1</NbOfTxs><CtrlSum>700.00</CtrlSum><PmtTpInf><SvcLvl><Cd>SEPA</Cd></SvcLvl><LclInstrm><Cd>CORE</Cd></LclInstrm><SeqTp>RCUR</SeqTp><CtgyPurp><Cd>CASH</Cd></CtgyPurp></PmtTpInf><ReqdColltnDt>2019-09-19</ReqdColltnDt><Cdtr><Nm>ALLEJANDRO ORDENANTE</Nm></Cdtr><CdtrAcct><Id><IBAN>ES4901825584230201591688</IBAN></Id></CdtrAcct><CdtrAgt><FinInstnId><BIC>BBVAESMMXXX</BIC></FinInstnId></CdtrAgt><CdtrSchmeId><Id><PrvtId><Othr><Id>ES4100145684134O</Id><SchmeNm><Prtry>SEPA</Prtry></SchmeNm></Othr></PrvtId></Id></CdtrSchmeId><DrctDbtTxInf><PmtId><InstrId>00001-001</InstrId><EndToEndId>00001-001</EndToEndId></PmtId><InstdAmt Ccy="EUR">700.00</InstdAmt><DrctDbtTx><MndtRltdInf><MndtId>000000003025</MndtId><DtOfSgntr>2009-10-31</DtOfSgntr><AmdmntInd>false</AmdmntInd></MndtRltdInf></DrctDbtTx><DbtrAgt><FinInstnId><BIC>BBVAESMMXXX</BIC></FinInstnId></DbtrAgt><Dbtr><Nm>JOSE AGUSTIN HIDALGO</Nm></Dbtr><DbtrAcct><Id><IBAN>ES5001825584280208539535</IBAN></Id></DbtrAcct><Purp><Cd>CASH</Cd></Purp><RmtInf><Ustrd>COBRO DE FACTURA N1 POR CONCEPTO DE PLATO DE DUCHA</Ustrd></RmtInf></DrctDbtTxInf></PmtInf></CstmrDrctDbtInitn></Document>